@online{ai-wikipedia,
  author={Wikipedia},
  title={KÃ¼nstliche Intelligenz},
  url={https://de.wikipedia.org/wiki/K%C3%BCnstliche_Intelligenz},
  urldate={2023-04-20},
  year={2023}
}

@book{example,
  title={The Title of the Book},
  author={The Author},
  publisher={The Publisher},
  year={2017},
}

@online{ai-ibm,
  title={{What is AI?}},
  author={IBM},
  url={https://www.ibm.com/topics/artificial-intelligence},
  urldate={2023-04-20},
  year={2024}
}

@online{machine-learning-ibm,
author={IBM},
title={What is ML?},
url={https://www.ibm.com/topics/machine-learning},
year={2024},
urldate={2023-04-20}
}

@online{deep-learning-ibm,
author={IBM},
title={What is deep learning?},
url={https://www.ibm.com/topics/deep-learning},
year={2024},
urldate={2023-04-20}
}

@online{Ai-is-running-out-of-water,
author={The Hated One},
title={Artificial INtelligence is running out of water},
url={https://piped.adminforge.de/watch?v=F-6la_I-xkQ},
year={2024},
urldate={2023-04-20}
}

@online{Terminator-Franchise,
author={Wikipedia},
title={The Terminator},
url={https://en.wikipedia.org/wiki/The_Terminator},
year={2024},
urldate={2023-04-20}
}

@online{open-source,
author={Wikipedia},
title={Open-source Software},
url={https://en.wikipedia.org/wiki/Open-source_software},
year={2024},
urldate={2024-01-01}
}

@online{neural-networks,
author={IBM},
title={what-is-a-neural-network},
url={https://www.ibm.com/topics/neural-networks},
year={2024},
urldate={2024-01-01}
}